@article{tompson2012introduction,
  title={An Introduction to the OpenCL Programming Model},
  author={Tompson, Jonathan and Schlachter, Kristofer},
  journal={Person Education},
  year={2012}
}

@MISC{khronos2008release,
  author = {The Khronos Group},
  title = {The Khronos Group Releases OpenCL 1.0 Specification},
  howpublished = {Press Release},
  month = {December},
  year = {2008},
  note = {\url{https://www.khronos.org/news/press/the_khronos_group_releases_opencl_1.0_specification} (Retrieved on March 11th, 2014)}
}

@MISC{apple2013opencl,
  author = {Apple Inc.},
  title = {OpenCL Programming Guide for Mac},
  howpublished = {Programming Guide},
  month = {August},
  year = {2012},
  note = {\url{https://developer.apple.com/library/mac/documentation/Performance/Conceptual/OpenCL_MacProgGuide/OpenCL_MacProgGuide.pdf} (Retrieved on March 12th, 2014)}
}

@MISC{apple2013runtime,
  author = {Apple Inc.},
  title = {Objective-C Runtime Reference},
  howpublished = {Developer Documentation},
  month = {October},
  year = {2013},
  note = {\url{https://developer.apple.com/library/mac/documentation/Cocoa/Reference/ObjCRuntimeRef/ObjCRuntimeRef.pdf} (Retrieved on July 1st, 2014)}
}

@MISC{guru2009hd5750,
  author = {Guru 3D.},
  title = {Radeon HD 5750 review (Crossfire)},
  month = {October},
  year = {2009},
  note = {\url{http://www.guru3d.com/articles_pages/radeon_hd_5750_review_(crossfire),3.html} (Retrieved on August 10th, 2014)}
}

@MISC{amd2009hd5750,
  author = {AMD},
  title = {Radeon HD 5750},
  note = {\url{http://www.amd.com/en-us/products/graphics/desktop/5000/5750} (Retrieved on August 10th, 2014)}
}

@techreport{weiler2006guidelines,
  author = {Alexander Weiler, Alexander Pakosta},
  title = {High-Speed Layout Guidelines},
  institution = {Texas Instruments},
  month = {November},
  year = {2006}
}

@MISC{schnabel2014ddr,
  author = {Elektronik-Kompendium.de (Patrick Schnabel)},
  title = {DDR-SDRAM (DDR1 / DDR2 / DDR3 / DDR4)},
  howpublished = {Website},
  month = {January (?)},
  year = {2014},
  note = {\url{http://www.elektronik-kompendium.de/sites/com/1312291.htm} (Retrieved on June 4th, 2014)}
}

@MISC{intel2011x79,
  author = {Intel},
  title = {X79 Express Chipset Block Diagram},
  howpublished = {Diagram on a Website},
  month = {December},
  year = {2011},
  note = {\url{http://www.intel.de/content/www/de/de/chipsets/performance-chipsets/x79-express-chipset-diagram.html} (Retrieved on June 3rd, 2014)}
}

@MISC{xbit2012review,
  author = {xbitlabs.com},
  title = {Intel HD Graphics 4000 and Intel HD Graphics 2500 Review},
  howpublished = {Product Review},
  month = {June},
  year = {2012},
  note = {\url{http://www.xbitlabs.com/articles/graphics/display/intel-hd-graphics-4000-2500.html} (Retrieved on July 8th, 2014)}
}

@MISC{check2012hd4000,
  author = {notebookcheck.com},
  title = {Intel HD Graphics 4000},
  howpublished = {Product Review},
  note = {\url{http://www.notebookcheck.com/Intel-HD-Graphics-4000.69166.0.html} (Retrieved on August 5th, 2014)}
}

@MISC{nvidia2009opencl,
  author = {Nvidia},
  title = {OpenCL Programming Guide for the CUDA Architecture},
  howpublished = {Programming Guide},
  month = {September},
  year = {2012},
  note = {\url{http://hpc.oit.uci.edu/nvidia-doc/sdk-cuda-doc/OpenCL/doc/OpenCL_Programming_Guide.pdf} (Version 4.2, Retrieved on June 18th, 2014)}
}

@MISC{nvidia2008cuda,
  author = {Nvidia},
  title = {OpenCL Programming Guide for the CUDA Architecture},
  howpublished = {Programming Guide},
  month = {September},
  year = {2012},
  note = {\url{http://hpc.oit.uci.edu/nvidia-doc/sdk-cuda-doc/OpenCL/doc/OpenCL_Programming_Guide.pdf} (Version 4.2, Retrieved on June 18th, 2014)}
}

@MISC{khronos2012specification,
  author = {The Khronos Group},
  title = {The OpenCL Specification},
  howpublished = {Technical Specification},
  month = {November},
  year = {2012},
  note = {Version 1.2, \url{https://www.khronos.org/registry/cl/specs/opencl-1.2.pdf} (Retrieved on March 11th, 2014)}
}

@MISC{herz2013funkywiki,
  author = {Alexander Herz},
  title = {funkyIMP},
  howpublished = {Wiki},
  month = {January},
  year = {2013},
  note = {\url{http://www2.in.tum.de/funky} (Retrieved on March 19th, 2014)}
}

@MISC{medina2013wrapper,
  author = {David Medina},
  title = {OpenCL C++ Wrapper},
  howpublished = {GitHub},
  month = {February},
  year = {2013},
  note = {\url{https://github.com/dmed256/OpenCL-Wrapper} (Retrieved on April 8th, 2014)}
}

@article{hwu2009compute,
  title={Compute unified device architecture application suitability},
  author={Hwu, Wen-Mei and Rodrigues, Christopher and Ryoo, Shane and Stratton, John},
  journal={Computing in Science \& Engineering},
  volume={11},
  number={3},
  pages={16--26},
  year={2009},
  publisher={AIP Publishing}
}

@article{vejarano2013parallel,
  title={Parallel Acceleration on Manycore Systems and Its Performance Analysis: OpenCL Case Study.},
  author={Vejarano, Rafael Alejandro and Yen, Phuong Thi and Lee, Jeong-Gun},
  journal={International Journal of Software Engineering \& Its Applications},
  volume={7},
  number={3},
  year={2013}
}

@book{gaster2012heterogeneous,
  title={Heterogeneous Computing with OpenCL: Revised OpenCL 1.2 Edition},
  author={Gaster, Benedict and Howes, Lee and Kaeli, David R and Mistry, Perhaad and Schaa, Dana},
  year={2012},
  publisher={Newnes}
}

@book{kuckartz2010statistik,
  title={Statistik: Eine Verst{\"a}ndliche Einf{\"u}hrung},
  author={Kuckartz, U. and R{\"a}diker, S. and Ebert, T. and Schehl, J.},
  isbn={9783531920337},
  url={http://books.google.de/books?id=Y78roSNkzbwC},
  year={2010},
  publisher={VS Verlag fur Sozialwissenschaften GmbH}
}

@article{fujii2013data,
   title={Data Transfer Matters for GPU Computing},
   author={Fujii, Yusuke and Azumi, Takuya and Nishio, Nobuhiko and Kato, Shinpei and Edahiro, Masato},
   year={2013}
}

@book{gamma1994design,
  title={Design patterns: elements of reusable object-oriented software},
  author={Gamma, Erich and Helm, Richard and Johnson, Ralph and Vlissides, John},
  year={1994},
  publisher={Pearson Education}
}

@article{blythe2008rise,
  title={Rise of the graphics processor},
  author={Blythe, David},
  journal={Proceedings of the IEEE},
  volume={96},
  number={5},
  pages={761--778},
  year={2008},
  publisher={IEEE}
}

@article{jalili2010simd,
  title={SIMD-based large-scale transient stability simulation on the graphics processing unit},
  author={Jalili-Marandi, Vahid and Dinavahi, Venkata},
  journal={Power Systems, IEEE Transactions on},
  volume={25},
  number={3},
  pages={1589--1599},
  year={2010},
  publisher={IEEE}
}

@article{owens2008gpu,
  title={GPU computing},
  author={Owens, John D and Houston, Mike and Luebke, David and Green, Simon and Stone, John E and Phillips, James C},
  journal={Proceedings of the IEEE},
  volume={96},
  number={5},
  pages={879--899},
  year={2008},
  publisher={IEEE}
}